@article{kuhn2003compromising,
  title={Compromising emanations: eavesdropping risks of computer displays},
  author={Kuhn, Markus G},
  journal={University of Cambridge Computer Laboratory, Technical Report, UCAM-CL-TR-577},
  year={2003},
  publisher={Citeseer}
}
@article{vesa,
  title={Version 1.0},
  author={Specifications, Monitor Timing},
  journal={Revision 0.8, Video Electronics Standards Association (VESA), San Jose, California},
  year={1998}
}
